<?xml version="1.0" encoding="UTF-8"?>
<collection xmlns="http://www.loc.gov/MARC21/slim">
 <record>
  <leader>01701cam a2200397I  4500</leader>
  <controlfield tag="001">ocm00412652 </controlfield>
  <controlfield tag="003">OCoLC</controlfield>
  <controlfield tag="005">20091016010152.0</controlfield>
  <controlfield tag="008">720922s1935    iluabf        000 0 eng  </controlfield>
  <datafield tag="010" ind1=" " ind2=" ">
   <subfield code="a">   35009202 </subfield>
  </datafield>
  <datafield tag="040" ind1=" " ind2=" ">
   <subfield code="a">DLC</subfield>
   <subfield code="c">CSU</subfield>
   <subfield code="d">SER</subfield>
   <subfield code="d">OCL</subfield>
   <subfield code="d">MUQ</subfield>
   <subfield code="d">OCLCQ</subfield>
   <subfield code="d">OCLCG</subfield>
   <subfield code="d">AU@</subfield>
   <subfield code="d">OCLCA</subfield>
  </datafield>
  <datafield tag="029" ind1="1" ind2=" ">
   <subfield code="a">NLGGC</subfield>
   <subfield code="b">056786190</subfield>
  </datafield>
  <datafield tag="029" ind1="1" ind2=" ">
   <subfield code="a">NZ1</subfield>
   <subfield code="b">7825433</subfield>
  </datafield>
  <datafield tag="029" ind1="1" ind2=" ">
   <subfield code="a">AU@</subfield>
   <subfield code="b">000003700713</subfield>
  </datafield>
  <datafield tag="035" ind1=" " ind2=" ">
   <subfield code="a">(OCoLC)412652</subfield>
  </datafield>
  <datafield tag="050" ind1="0" ind2="0">
   <subfield code="a">DS70.5.J43</subfield>
   <subfield code="b">J3</subfield>
  </datafield>
  <datafield tag="082" ind1=" " ind2="4">
   <subfield code="a">913.567</subfield>
  </datafield>
  <datafield tag="049" ind1=" " ind2=" ">
   <subfield code="a">CGUA</subfield>
  </datafield>
  <datafield tag="100" ind1="1" ind2=" ">
   <subfield code="a">Jacobsen, Thorkild,</subfield>
   <subfield code="d">1904-1993.</subfield>
  </datafield>
  <datafield tag="245" ind1="1" ind2="0">
   <subfield code="a">Sennacherib's aqueduct at Jerwan,</subfield>
   <subfield code="c">by Thorkild Jacobsen and Seton Lloyd; with a preface by Henri Frankfort.</subfield>
  </datafield>
  <datafield tag="260" ind1=" " ind2=" ">
   <subfield code="a">Chicago, Ill.,</subfield>
   <subfield code="b">University of Chicago Press</subfield>
   <subfield code="c">[1935]</subfield>
  </datafield>
  <datafield tag="300" ind1=" " ind2=" ">
   <subfield code="a">xii, 52 p.</subfield>
   <subfield code="b">front., illus. (incl. maps) plates (1 fold.)</subfield>
   <subfield code="c">31 cm.</subfield>
  </datafield>
  <datafield tag="440" ind1=" " ind2="4">
   <subfield code="a">The University of Chicago Oriental Institute publications,</subfield>
   <subfield code="v">vol. XXIV</subfield>
  </datafield>
  <datafield tag="505" ind1="0" ind2=" ">
   <subfield code="a">Our first visit to Jerwan, by Thorkild Jacobsen.--Architectural description of the aqueduct, by Seton Lloyd.--The aqueduct inscriptions, by Thorkild Jacobsen.--Legends about the aqueduct, by Thorkild Jacobsen.--The water supplies of Nineveh, by Thorkild Jacobsen.--The canal head at Bavian, by Seton Lloyd.</subfield>
  </datafield>
  <datafield tag="651" ind1=" " ind2="4">
   <subfield code="a">Jerwan (Iraq)</subfield>
  </datafield>
  <datafield tag="650" ind1=" " ind2="0">
   <subfield code="a">Aqueducts.</subfield>
  </datafield>
  <datafield tag="600" ind1="0" ind2="0">
   <subfield code="a">Sennacherib,</subfield>
   <subfield code="c">King of Assyria,</subfield>
   <subfield code="d">d. 681 B.C.</subfield>
  </datafield>
  <datafield tag="650" ind1=" " ind2="0">
   <subfield code="a">Cuneiform inscriptions.</subfield>
  </datafield>
  <datafield tag="651" ind1=" " ind2="0">
   <subfield code="a">Nineveh (Extinct city)</subfield>
   <subfield code="x">Water-supply.</subfield>
  </datafield>
  <datafield tag="600" ind1="0" ind2="6">
   <subfield code="a">Sennachérib,</subfield>
   <subfield code="c">roi d'Assyrie,</subfield>
   <subfield code="d">ca 705 av. J.-C.-781 av. J.-C.</subfield>
  </datafield>
  <datafield tag="650" ind1=" " ind2="6">
   <subfield code="a">Aqueducs.</subfield>
  </datafield>
  <datafield tag="650" ind1=" " ind2="6">
   <subfield code="a">Inscriptions cunéiformes.</subfield>
  </datafield>
  <datafield tag="651" ind1=" " ind2="6">
   <subfield code="a">Jerwan, Iraq</subfield>
   <subfield code="x">Antiquités.</subfield>
  </datafield>
  <datafield tag="651" ind1=" " ind2="6">
   <subfield code="a">Ninive (Ville ancienne)</subfield>
   <subfield code="x">Eau</subfield>
   <subfield code="x">Approvisionnement.</subfield>
  </datafield>
  <datafield tag="700" ind1="1" ind2=" ">
   <subfield code="a">Lloyd, Seton.</subfield>
  </datafield>
  <datafield tag="994" ind1=" " ind2=" ">
   <subfield code="a">C0</subfield>
   <subfield code="b">CGU</subfield>
  </datafield>
 </record>
</collection>
